@article{diego01,
author = {Medel, Diego and González González, Carina and Aciar, Silvana},
year = {2021},
month = {01},
pages = {1},
title = {Social Relations and Methods in Recommender Systems: A Systematic Review},
volume = {InPress},
journal = {International Journal of Interactive Multimedia and Artificial Intelligence},
doi = {10.9781/ijimai.2021.12.004}
}

@inproceedings{chen02,
author = {Chen, Song and Owusu, Samuel and Zhou, Lina},
year = {2013},
month = {09},
pages = {882-885},
title = {Social Network Based Recommendation Systems: A Short Survey},
journal = {Proceedings - SocialCom/PASSAT/BigData/EconCom/BioMedCom 2013},
doi = {10.1109/SocialCom.2013.134}
}

@inproceedings{dang03,
author = {Dang, The and Viennet, Emmanuel},
year = {2013},
month = {01},
pages = {128-133},
title = {Collaborative filtering in social networks: A community-based approach},
journal = {2013 International Conference on Computing, Management and Telecommunications, ComManTel 2013},
doi = {10.1109/ComManTel.2013.6482378}
}
